<?xml version="1.0" encoding="utf-8"?>
<record xmlns="http://www.loc.gov/MARC21/slim" xmlns:xsi="http://www.w3.org/2001/XMLSchema-instance" xsi:schemaLocation="http://www.loc.gov/MARC21/slim http://www.loc.gov/standards/marcxml/schema/MARC21slim.xsd">
	<leader>     nam a22        4500</leader>
	<controlfield tag="001">2957838</controlfield>
	<controlfield tag="003">NNC</controlfield>
	<controlfield tag="006">m        d        </controlfield>
	<controlfield tag="007">cr cn |||m|||a</controlfield>
	<controlfield tag="008">150621s1964    xx      o     000 0 ara  </controlfield>
	<datafield ind1=" " ind2=" " tag="040">
		<subfield code="a">NNU</subfield>
		<subfield code="b">eng</subfield>
		<subfield code="e">rda</subfield>
		<subfield code="c">NNU</subfield>
	</datafield>
	<datafield ind1="0" ind2="0" tag="050">
		<subfield code="a">BP131.5</subfield>
		<subfield code="b">.D3 1930a</subfield>
	</datafield>
	<datafield ind1="1" ind2=" " tag="100">
		<subfield code="6">880-01</subfield>
		<subfield code="a">Dānī, ʻUthmān ibn Saʻīd,</subfield>
		<subfield code="d">981 or 982-1053.</subfield>
	</datafield>
	<datafield ind1="1" ind2="0" tag="245">
		<subfield code="6">880-02</subfield>
		<subfield code="a">Kitāb al-taysīr fī al-qirāʼāt al-sabʻ.</subfield>
	</datafield>
	<datafield ind1=" " ind2=" " tag="260">
		<subfield code="c">[1964?]</subfield>
	</datafield>
	<datafield ind1=" " ind2=" " tag="300">
		<subfield code="a">online resource (12, 228 pages)</subfield>
	</datafield>
	<datafield ind1=" " ind2=" " tag="336">
		<subfield code="a">text</subfield>
		<subfield code="2">rdacontent</subfield>
	</datafield>
	<datafield ind1=" " ind2=" " tag="337">
		<subfield code="a">computer</subfield>
		<subfield code="2">rdamedia</subfield>
	</datafield>
	<datafield ind1=" " ind2=" " tag="338">
		<subfield code="a">online resource</subfield>
		<subfield code="2">rdacarrier</subfield>
	</datafield>
	<datafield ind1=" " ind2=" " tag="500">
		<subfield code="a">Romanized.</subfield>
	</datafield>
	<datafield ind1=" " ind2=" " tag="500">
		<subfield code="a">Part of the Arabic Collections Online (ACO) project, contributed by Columbia University Libraries.</subfield>
	</datafield>
	<datafield ind1=" " ind2=" " tag="533">
		<subfield code="a">Electronic reproduction.</subfield>
		<subfield code="b">New York, N.Y. :</subfield>
		<subfield code="c">New York University,</subfield>
		<subfield code="d">2015.</subfield>
		<subfield code="5">NNU</subfield>
	</datafield>
	<datafield ind1="0" ind2="0" tag="630">
		<subfield code="a">Qurʼan</subfield>
		<subfield code="x">Readings.</subfield>
	</datafield>
	<datafield ind1="1" ind2=" " tag="700">
		<subfield code="a">Pretzl, Otto,</subfield>
		<subfield code="d">1893-1941,</subfield>
		<subfield code="e">editor.</subfield>
	</datafield>
	<datafield ind1="2" ind2=" " tag="710">
		<subfield code="a">Columbia University.</subfield>
		<subfield code="b">Libraries.</subfield>
	</datafield>
	<datafield ind1="0" ind2=" " tag="730">
		<subfield code="a">Arabic Collections Online.</subfield>
	</datafield>
	<datafield ind1="0" ind2=" " tag="740">
		<subfield code="a">Taysīr fi al-qirāʼāt al-sabʻ.</subfield>
	</datafield>
	<datafield ind1="0" ind2="8" tag="776">
		<subfield code="i">Online version:</subfield>
		<subfield code="a">Dānī, ʻUthmān ibn Saʻīd, 981 or 2-1053.</subfield>
		<subfield code="t">Kitāb al-taysīr fī al-qirāʼāt al-sabʻ.</subfield>
		<subfield code="d">[1964?]</subfield>
		<subfield code="w">(OCoLC)644585845</subfield>
	</datafield>
	<datafield ind1="0" ind2="8" tag="776">
		<subfield code="i">Print version:</subfield>
		<subfield code="a">Dānī, ʻUthmān ibn Saʻīd, 981 or 982-1053.</subfield>
		<subfield code="t">Kitāb al-taysīr fī al-qirāʼāt al-sabʻ</subfield>
		<subfield code="w">(NNC)2957838</subfield>
		<subfield code="w">(DLC)ne 68000221 </subfield>
		<subfield code="w">(OCoLC)23499185</subfield>
	</datafield>
	<datafield ind1=" " ind2="0" tag="830">
		<subfield code="6">880-03</subfield>
		<subfield code="a">Nasharāt al-Islāmīyah ;</subfield>
		<subfield code="v">2.</subfield>
	</datafield>
	<datafield ind1="4" ind2="0" tag="856">
		<subfield code="u">http://hdl.handle.net/2333.1/g79cnrss</subfield>
	</datafield>
	<datafield ind1="1" ind2=" " tag="880">
		<subfield code="6">100-01/r</subfield>
		<subfield code="a">داني، عثمان بن سعيد.</subfield>
	</datafield>
	<datafield ind1="1" ind2="0" tag="880">
		<subfield code="6">240-00/r</subfield>
		<subfield code="a">‏تيسير في القراءات السبع</subfield>
	</datafield>
	<datafield ind1="1" ind2="0" tag="880">
		<subfield code="6">245-02/r</subfield>
		<subfield code="a">كتاب التيسير في القراءات السبع /</subfield>
		<subfield code="c">تأليف أبي عمرو عثمن بن سعيد الداني ؛ عني بتصحيحه أتو برتزل.</subfield>
	</datafield>
	<datafield ind1=" " ind2=" " tag="880">
		<subfield code="6">260-00/r</subfield>
		<subfield code="a">[بغداد :</subfield>
		<subfield code="b">مكتبة المثنى،</subfield>
		<subfield code="c">1964?]</subfield>
	</datafield>
	<datafield ind1="1" ind2=" " tag="880">
		<subfield code="6">490-00/r</subfield>
		<subfield code="a">النشريات الإسلامية لجمعية المستشرقين الألمانية ؛</subfield>
		<subfield code="v">2</subfield>
	</datafield>
	<datafield ind1="1" ind2=" " tag="880">
		<subfield code="6">700-00/r</subfield>
		<subfield code="a">برتزل، أتو.</subfield>
	</datafield>
	<datafield ind1=" " ind2="0" tag="880">
		<subfield code="6">830-03/r</subfield>
		<subfield code="a">نشرات الإسلامية ؛ ;</subfield>
		<subfield code="v">2.</subfield>
	</datafield>
	<datafield ind1=" " ind2=" " tag="959">
		<subfield code="a">NNU</subfield>
		<subfield code="b">WEB</subfield>
		<subfield code="c">GENI</subfield>
		<subfield code="t">0</subfield>
		<subfield code="m">Electronic access</subfield>
		<subfield code="s">01</subfield>
	</datafield>
	<datafield ind1=" " ind2=" " tag="999">
		<subfield code="i">NNC_2957838</subfield>
		<subfield code="o">(OCoLC)ocm23499185 </subfield>
		<subfield code="s">columbia_aco000939</subfield>
		<subfield code="e">(ERROR-880)</subfield>
	</datafield>
</record>
